<record><leader>00000cas a2200000 a 4500</leader><controlfield tag="001">11079198</controlfield><controlfield tag="008">840822d17911914ctucr ne      0    0eng c</controlfield><datafield ind1=" " ind2=" " tag="010"><subfield code="a">sn 84023856 </subfield></datafield><datafield ind1=" " ind2=" " tag="040"><subfield code="a">AQM</subfield><subfield code="b">eng</subfield><subfield code="c">AQM</subfield><subfield code="d">NPX</subfield><subfield code="d">NPA</subfield><subfield code="d">NYG</subfield><subfield code="d">NPY</subfield><subfield code="d">NPU</subfield><subfield code="d">DLC</subfield><subfield code="d">PPM</subfield><subfield code="d">OCL</subfield><subfield code="d">NJW</subfield><subfield code="d">DLC</subfield><subfield code="d">NJW</subfield><subfield code="d">NSD</subfield><subfield code="d">MFN</subfield><subfield code="d">KNP</subfield><subfield code="d">CNW</subfield><subfield code="d">RHN</subfield><subfield code="d">CNK</subfield><subfield code="d">CNW</subfield><subfield code="d">HUL</subfield><subfield code="d">NVF</subfield><subfield code="d">FUG</subfield><subfield code="d">NVK</subfield><subfield code="d">CNW</subfield><subfield code="d">TGN</subfield><subfield code="d">OBN</subfield><subfield code="d">DCN</subfield><subfield code="d">OCL</subfield><subfield code="d">NVF</subfield><subfield code="d">NYS</subfield><subfield code="d">OCLCG</subfield><subfield code="d">KRTAS</subfield><subfield code="d">CUI</subfield><subfield code="d">OCLCQ</subfield><subfield code="d">OCLCF</subfield><subfield code="d">CUS</subfield></datafield><datafield ind1=" " ind2=" " tag="019"><subfield code="a">16137873</subfield><subfield code="a">16138190</subfield><subfield code="a">16138322</subfield></datafield><datafield ind1=" " ind2=" " tag="042"><subfield code="a">pcc</subfield></datafield><datafield ind1=" " ind2=" " tag="043"><subfield code="a">n-us-ct</subfield></datafield><datafield ind1="0" ind2="0" tag="050"><subfield code="a">Newspaper</subfield></datafield><datafield ind1=" " ind2="4" tag="050"><subfield code="a">AN</subfield></datafield><datafield ind1="0" ind2="4" tag="082"><subfield code="a">071</subfield></datafield><datafield ind1="0" ind2=" " tag="130"><subfield code="a">Connecticut courant (Hartford, Conn. : 1791)</subfield></datafield><datafield ind1="1" ind2="4" tag="245"><subfield code="a">The Connecticut courant.</subfield></datafield><datafield ind1="1" ind2="3" tag="246"><subfield code="a">Weekly courant</subfield></datafield><datafield ind1=" " ind2=" " tag="260"><subfield code="a">Hartford [Conn.] :</subfield><subfield code="b">Printed by Hudson &amp; Goodwin,</subfield><subfield code="c">1791-1914.</subfield></datafield><datafield ind1=" " ind2=" " tag="300"><subfield code="a">v. ;</subfield><subfield code="c">45-51 cm.</subfield></datafield><datafield ind1=" " ind2=" " tag="310"><subfield code="a">Semiweekly,</subfield><subfield code="b">Dec. 13, 1894-1914</subfield></datafield><datafield ind1=" " ind2=" " tag="321"><subfield code="a">Weekly,</subfield><subfield code="b">1791-Dec. 6, 1894</subfield></datafield><datafield ind1="0" ind2=" " tag="362"><subfield code="a">Vol. 27, no. 1365 (Mar. 21, 1791)-v. 109, no. 542,085 (Jan. 3, 1874) ; v. 109, no. 2 (Jan. 10, 1874)-v. 149, no. 86 (Oct. 29, 1914).</subfield></datafield><datafield ind1=" " ind2=" " tag="500"><subfield code="a">Publisher: George Goodwin &amp; Sons, &lt;May 20, 1817&gt;-</subfield></datafield><datafield ind1=" " ind2=" " tag="500"><subfield code="a">Published a triweekly ed., 1840-&lt;1841&gt;.</subfield></datafield><datafield ind1="4" ind2=" " tag="510"><subfield code="a">Brigham, C.S. Amer. newspapers</subfield><subfield code="c">p. 22</subfield></datafield><datafield ind1=" " ind2=" " tag="515"><subfield code="a">Issue for Jan. 10, 1874 called also whole no. 542,086.</subfield></datafield><datafield ind1=" " ind2=" " tag="515"><subfield code="a">Includes numbering irregularities.</subfield></datafield><datafield ind1=" " ind2=" " tag="525"><subfield code="a">Supplements accompany some issues.</subfield></datafield><datafield ind1=" " ind2=" " tag="530"><subfield code="a">Available on microopaque and microfilm by Readex Microprint Corp., 1791-1827, and on microfilm by Graphic Microfilm of New England, Microfilm Corp of America, and UMI, 1791-1914.</subfield></datafield><datafield ind1=" " ind2=" " tag="580"><subfield code="a">Daily eds.: Daily courant (Hartford, Conn.), 1837-1839, and: Hartford daily courant, 1840-1887, and: Hartford courant, 1887-1914, and: Hartford evening press, 1856-1868.</subfield></datafield><datafield ind1=" " ind2="0" tag="651"><subfield code="a">Hartford (Conn.)</subfield><subfield code="v">Newspapers.</subfield></datafield><datafield ind1=" " ind2="0" tag="651"><subfield code="a">Hartford County (Conn.)</subfield><subfield code="v">Newspapers.</subfield></datafield><datafield ind1=" " ind2="7" tag="651"><subfield code="a">Connecticut</subfield><subfield code="z">Hartford.</subfield><subfield code="2">fast</subfield><subfield code="0">(OCoLC)fst01207441</subfield></datafield><datafield ind1=" " ind2="7" tag="651"><subfield code="a">Connecticut</subfield><subfield code="z">Hartford County.</subfield><subfield code="2">fast</subfield><subfield code="0">(OCoLC)fst01211874</subfield></datafield><datafield ind1=" " ind2="7" tag="655"><subfield code="a">Newspapers.</subfield><subfield code="2">fast</subfield><subfield code="0">(OCoLC)fst01423814</subfield></datafield><datafield ind1="1" ind2=" " tag="700"><subfield code="a">Goodwin, George,</subfield><subfield code="d">1757-1844.</subfield></datafield><datafield ind1=" " ind2=" " tag="752"><subfield code="a">United States</subfield><subfield code="b">Connecticut</subfield><subfield code="c">Hartford</subfield><subfield code="d">Hartford.</subfield></datafield><datafield ind1="1" ind2=" " tag="775"><subfield code="t">Daily courant (Hartford, Conn.)</subfield><subfield code="w">(DLC)sn 82006814</subfield><subfield code="w">(OCoLC)8780374</subfield></datafield><datafield ind1="1" ind2=" " tag="775"><subfield code="t">Hartford daily courant</subfield><subfield code="w">(DLC)sn 82015204</subfield><subfield code="w">(OCoLC)8807799</subfield></datafield><datafield ind1="1" ind2=" " tag="775"><subfield code="t">Hartford courant (Hartford, Conn. : 1887)</subfield><subfield code="w">(DLC)sn 82015203</subfield><subfield code="w">(OCoLC)8807834</subfield></datafield><datafield ind1="1" ind2=" " tag="775"><subfield code="t">Hartford evening press</subfield><subfield code="w">(DLC)sn 84023082</subfield><subfield code="w">(OCoLC)11080329</subfield></datafield><datafield ind1="0" ind2="8" tag="776"><subfield code="i">Online version:</subfield><subfield code="t">Connecticut courant (Hartford, Conn. : 1791 : Online)</subfield><subfield code="w">(OCoLC)122258803</subfield></datafield><datafield ind1="0" ind2="0" tag="780"><subfield code="t">Connecticut courant, and the weekly intelligencer</subfield><subfield code="w">(DLC)sn 84023855</subfield><subfield code="w">(OCoLC)11079294</subfield></datafield><datafield ind1="0" ind2="5" tag="780"><subfield code="t">Hartford weekly journal</subfield><subfield code="g">Feb. 1845</subfield><subfield code="w">(DLC)sn 88074035</subfield><subfield code="w">(OCoLC)17307186</subfield></datafield><datafield ind1="0" ind2="5" tag="780"><subfield code="t">Connecticut Whig (Hartford, Conn.)</subfield><subfield code="g">1849</subfield><subfield code="w">(DLC)sn 84023087</subfield><subfield code="w">(OCoLC)10758291</subfield></datafield><datafield ind1="0" ind2="5" tag="780"><subfield code="t">Connecticut press</subfield><subfield code="g">Dec. 1866</subfield><subfield code="w">(DLC)sn 82014332</subfield><subfield code="w">(OCoLC)8796291</subfield></datafield><datafield ind1=" " ind2=" " tag="850"><subfield code="a">MH</subfield></datafield><datafield ind1="4" ind2="1" tag="856"><subfield code="3">01/06/1838 to 12/25/1841</subfield><subfield code="u">http://infoweb.newsbank.com/?db=EANX&amp;s_browseRef=decades/1080E0D856AD30E8/all.xml</subfield></datafield><datafield ind1=" " ind2=" " tag="938"><subfield code="a">Kirtas Technologies, Inc.</subfield><subfield code="b">KRTS</subfield><subfield code="n">738738</subfield></datafield><datafield ind1="1" ind2=" " tag="029"><subfield code="a">AU@</subfield><subfield code="b">000020347794</subfield></datafield></record>